% Phd

@article{drew_2011,
  title={Attack on Bin Laden Used Stealthy Helicopter That Had Been a Secret},
  author={Drew, Christopher},
  journal={New York Times},
  pages={A14},
  year={2011}
}

@article{sarker_2020,
  title={UK Government’s Legal Framework in Targeted Drone Attacks},
  author={Sarker, Sudip K},
  year={2020}
}

@article{ritzinger_2016,
  title={A survey on dynamic and stochastic vehicle routing problems},
  author={Ritzinger, Ulrike and Puchinger, Jakob and Hartl, Richard F},
  journal={International Journal of Production Research},
  volume={54},
  number={1},
  pages={215--231},
  year={2016},
  publisher={Taylor \& Francis}
}

@book{toth_2002,
  title={The vehicle routing problem},
  author={Toth, Paolo and Vigo, Daniele},
  year={2002},
  publisher={SIAM}
}

@Article{zhou_2018,
  author    = {Zhou, Tianren and Zhang, Jiaming and Shi, Jianmai and Liu, Zhong and Huang, Jincai},
  title     = {Multidepot UAV Routing Problem with Weapon Configuration and Time Window},
  journal   = {Journal of Advanced Transportation},
  year      = {2018},
  volume    = {2018},
  abstract  = {In recent wars, there is an increasing trend that unmanned aerial vehicles (UAVs) are utilized to conduct military attacking missions.
In this paper, we investigate a novel multidepot UAV routing problem with consideration of weapon confguration in the UAV and
the attacking time window of the target. A mixed-integer linear programming model is developed to jointly optimize three kinds
of decisions: the weapon confguration strategy in the UAV, the routing strategy of target, and the allocation strategy of weapons to
targets. An adaptive large neighborhood search (ALNS) algorithm is proposed for solving the problem, which is tested by randomly
generated instances covering the small, medium, and large sizes. Experimental results confrm the efectiveness and robustness of
the proposed ALNS algorithm.},
  comment   = {Tipo de aplicação - Multi-UAVs 
Objetivo -  Definição de rotas, com multiplos UAVs e múltiplos alvos, para minimizar tempo de missão, levando em consideração tipos distintos de armas e janela de tempo para missão
Solução - Adaptive Large Neighborhood Search (ALNS) - Otimizador 
},
  doi       = {10.1155/2018/7318207},
  file      = {:Articles/7318207.pdf:PDF},
  groups    = {Route Optimization},
  keywords  = {rank5},
  publisher = {Hindawi},
}

@article{mack_2018,
  title={How Delivery Drones Can Help Save The World},
  author={Mack, Eric},
  journal={Forbes, Forbes Magazine},
  year={2018}
}

@incollection{vergouw_2016,
  title={Drone technology: Types, payloads, applications, frequency spectrum issues and future developments},
  author={Vergouw, Bas and Nagel, Huub and Bondt, Geert and Custers, Bart},
  booktitle={The Future of Drone Use},
  pages={21--45},
  year={2016},
  publisher={Springer}
}

@article{amukele_2017,
  title={Drone transportation of blood products},
  author={Amukele, Timothy and Ness, Paul M and Tobian, Aaron AR and Boyd, Joan and Street, Jeff},
  journal={Transfusion},
  volume={57},
  number={3},
  pages={582--588},
  year={2017},
  publisher={Wiley Online Library}
}

@inproceedings{Wieringa2009,
   address = {New York, New York, USA},
   author = {Wieringa, Roel},
   booktitle = {Proceedings of the 4th International Conference on Design Science Research in Information Systems and Technology - DESRIST '09},
   doi = {10.1145/1555619.1555630},
   isbn = {9781605584089},
   pages = {1--12},
   publisher = {ACM Press},
   title = {{Design science as nested problem solving}},
   url = {http://portal.acm.org/citation.cfm?doid=1555619.1555630},
   year = {2009}}
   
@article{song_2018,
  title={Persistent UAV delivery logistics: MILP formulation and efficient heuristic},
  author={Song, Byung Duk and Park, Kyungsu and Kim, Jonghoe},
  journal={Computers \& Industrial Engineering},
  volume={120},
  pages={418--428},
  year={2018},
  publisher={Elsevier}
}

@unknown{shakhatreh_2018,
author = {Shakhatreh, Hazim and Sawalmeh, Ahmad and Al-Fuqaha, Ala and Dou, Zuochao and Almaita, Eyad and Khalil, Issa and Othman, Noor and Khreishah, Abdallah and Guizani, Mohsen},
year = {2018},
month = {04},
pages = {},
title = {Unmanned Aerial Vehicles: A Survey on Civil Applications and Key Research Challenges},
volume = {7},
journal = {IEEE Access},
doi = {10.1109/ACCESS.2019.2909530}
}

@misc{hoareau_2017,
  title={Package transport by unmanned aerial vehicles},
  author={Hoareau, Guillaume and Liebenberg, Johannes J and Musial, John G and Whitman, Todd R},
  year={2017},
  month=aug # "~15",
  publisher={Google Patents},
  note={US Patent 9,731,821}
}

@inproceedings{thornton_2018,
  title={Swarming Logistics for Tactical Last-Mile Delivery},
  author={Thornton, Sam and Gallasch, Guy Edward},
  booktitle={International Conference on Science and Innovation for Land Power 2018 (ICSILP 2018)},
  year={2018}
}


% MSc




  @ARTICLE{Lee13tmech, 
author={Lee, D. and Franchi, A. and Son, H.I. and Ha, C. and Bulthoff, H.H. and Robuffo Giordano, P.}, 
journal={IEEE/ASME Transactions on Mechatronics}, 
title={Semiautonomous Haptic Teleoperation Control Architecture of Multiple Unmanned Aerial Vehicles}, 
year={2013}, 
month={Aug}, 
volume={18}, 
number={4}, 
pages={1334-1345}
}


@article{sabattiniijrr2013,
author={L. Sabattini and N. Chopra and C. Secchi},
journal={The International Journal of Robotics Research (SAGE)},
title={Decentralized connectivity maintenance for cooperative control of mobile robotic systems},
year={2013},
month={October},
volume={32},
number={12},
pages={1411-1423},
keywords={},
doi={},
ISSN={1741-3176}
}


@ARTICLE{kim_2012,
author={S. W. Kim and S. W. Seo},
journal={IEEE Journal on Selected Areas in Communications},
title={Cooperative Unmanned Autonomous Vehicle Control for Spatially Secure Group Communications},
year={2012},
volume={30},
number={5},
pages={870-882},
keywords={cooperative communication;mobile robots;radio networks;remotely operated vehicles;telecommunication control;telecommunication security;transport control;SSGC;analytical framework;communication boundary minimization;cooperative unmanned autonomous vehicle control;distributed method;dynamics communication security;ground vehicle control;individual independent UAV;individual independent unmanned autonomous vehicle;military application;multiple UAV;multiple unmanned aerial;spatial UAV group size maximization;spatially secure group communication;wireless communication;Communication system security;Interference;Security;Vehicle dynamics;Vehicles;Wireless communication;Wireless sensor networks;Collective behavior;distributed control;multi-agent system;secure group communication;self-organizing system;unmanned autonomous vehicle},
doi={10.1109/JSAC.2012.120604},
ISSN={0733-8716},
month={June},}

@techreport{kacena1995,
  title={Stealth: An Example of Technology's Role in the American Way of War},
  author={Kacena, Neil G},
  year={1995},
  institution={DTIC Document}
}

@INPROCEEDINGS{turgut_2009,
author={D. Turgut and B. Turgut and L. B{\"o}l{\"o}ni},
booktitle={2009 IEEE 34th Conference on Local Computer Networks},
title={Stealthy dissemination in intruder tracking sensor networks},
year={2009},
pages={22-29},
keywords={tracking;wireless sensor networks;dissemination protocol;intruder detection;intruder tracking sensor networks;stealthy dissemination;try and bounce;wireless transmissions;Computer networks;Computer science;Detectors;Measurement;Microstrip;Protocols;Routing;Sensor phenomena and characterization;Tracking;Wireless sensor networks;intruder tracking;sensor networks;stealth},
doi={10.1109/LCN.2009.5355150},
ISSN={0742-1303},
month={Oct},}

@article{mod_2011,
  title={Joint Doctrine Note 2/11 the UK Approach to Unmanned Aircraft Systems},
  author={{MINISTRY OF DEFENSE}},
  journal={UK MoD The Development, Concepts and Doctrine Centre, SWINDON, Wiltshire},
  volume={30},
  year={2011}
}

@inproceedings{he_2013,
  title={Stealth coverage multi-path corridors planning for uav fleet},
  author={He, Pingchuan and Dai, Shuling},
  booktitle={Mechatronic Sciences, Electric Engineering and Computer (MEC), Proceedings 2013 International Conference on},
  pages={2922--2926},
  year={2013},
  organization={IEEE}
}

@article{bash_2013,
  title={Limits of reliable communication with low probability of detection on AWGN channels},
  author={Bash, Boulat A and Goeckel, Dennis and Towsley, Don},
  journal={IEEE Journal on Selected Areas in Communications},
  volume={31},
  number={9},
  pages={1921--1930},
  year={2013},
  publisher={IEEE}
}

@article{bash_2015,
  title={Hiding information in noise: fundamental limits of covert wireless communication},
  author={Bash, Boulat A and Goeckel, Dennis and Towsley, Don and Guha, Saikat},
  journal={Communications Magazine, IEEE},
  volume={53},
  number={12},
  pages={26--31},
  year={2015},
  publisher={IEEE}
}

@ARTICLE{puketza_1996,
author={N. J. Puketza and K. Zhang and M. Chung and B. Mukherjee and R. A. Olsson},
journal={IEEE Transactions on Software Engineering},
title={A methodology for testing intrusion detection systems},
year={1996},
volume={22},
number={10},
pages={719-729},
keywords={computer crime;security of data;testing;Network Security Monitor;UNIX tool expect;computer system abuse;computer system misuse;concurrent scripts;intrusion detection system testing;record-and-replay feature;software testing;test-case selection;testing procedures;unauthorized computer system use;user-simulation scripts;Computational modeling;Computer networks;Computer security;Computer simulation;Computerized monitoring;Expert systems;Intrusion detection;National security;Software testing;System testing},
doi={10.1109/32.544350},
ISSN={0098-5589},
month={Oct},}




@article{farhan_2010,
	author = {Farhan Abdel-Fattah and Zulkhairi Md. Dahalin and Shaidah Jusoh},
	title = {Article:Distributed and Cooperative Hierarchical Intrusion Detection on MANETs},
	journal = {International Journal of Computer Applications},
	year = {2010},
	volume = {12},
	number = {5},
	pages = {32--40},
	month = {December},
	note = {Published By Foundation of Computer Science}
}

@article{ghedini_2015,
  title={Improving robustness in multi-robot networks},
  author={Ghedini, Cinara and Secchi, Cristian and Ribeiro, Carlos HC and Sabattini, Lorenzo},
  journal={IFAC-PapersOnLine},
  volume={48},
  number={19},
  pages={63--68},
  year={2015},
  publisher={Elsevier}
}


@article{lavalle_1998,
  title={Rapidly-exploring random trees: A new tool for path planning},
  author={LaValle, Steven M},
  year={1998},
  publisher={Citeseer}
}

@inproceedings{kothari_2009,
  title={Multi-UAV path planning in obstacle rich environments using rapidly-exploring random trees},
  author={Kothari, Mangal and Postlethwaite, Ian and Gu, Da-Wei},
  booktitle={Decision and Control, 2009 held jointly with the 2009 28th Chinese Control Conference. CDC/CCC 2009. Proceedings of the 48th IEEE Conference on},
  pages={3069--3074},
  year={2009},
  organization={IEEE}
}

@ARTICLE{basu_2004,
author={P. Basu and J. Redi},
journal={IEEE Network},
title={Movement control algorithms for realization of fault-tolerant ad hoc robot networks},
year={2004},
volume={18},
number={4},
pages={36-44},
doi={10.1109/MNET.2004.1316760},
ISSN={0890-8044},
month={July},}

@inproceedings{zhen_2014,
  title={Cooperative path planning for multiple UAVs formation},
  author={Zhen, Ziyang and Gao, Chen and Zhao, Qiannan and Ding, Ruyi},
  booktitle={Cyber Technology in Automation, Control, and Intelligent Systems (CYBER), 2014 IEEE 4th Annual International Conference on},
  pages={469--473},
  year={2014},
  organization={IEEE}
}

@inproceedings{wzorek_2006,
  title={Reconfigurable path planning for an autonomous unmanned aerial vehicle},
  author={Wzorek, Mariusz and Doherty, Patrick},
  booktitle={2006 International Conference on Hybrid Information Technology},
  volume={2},
  pages={242--249},
  year={2006},
  organization={IEEE}
}

@article{dijkstra_1959,
  title={A note on two problems in connexion with graphs},
  author={Dijkstra, Edsger W},
  journal={Numerische mathematik},
  volume={1},
  number={1},
  pages={269--271},
  year={1959},
  publisher={Springer}
}

@article{coelho_2015,
  title={Automatic Horizontal Road Design Information Extraction from Georeferenced Polygonals: A Brazilian Federal Highway Network Study },
  author={Alexandre H. Coelho and {BORGES JUNIOR}, Nataniel P. and Nicolas P. Borges and Marcos D. Gallo and Amir M. Valente},
  year={2015},
  journal={Journal of Civil Engineering and Architecture},
  volume={9},
  pages={1513-1522},
  publisher={David Publishing}
}

@article{coope_1993,
  title={Circle fitting by linear and nonlinear least squares},
  author={Coope, Ian D},
  journal={Journal of Optimization Theory and Applications},
  volume={76},
  number={2},
  pages={381--388},
  year={1993},
  publisher={Springer}
}

@book{zale_2016,
  title={Stealth Aircraft Technology},
  author={Zale, Kenton},
  volume={1},
  year={2016},
  publisher={CreateSpace Independent Publishing Platform}
}

@INPROCEEDINGS{ghedini_2016, 
author={C. Ghedini and C. H. C. Ribeiro and L. Sabattini}, 
booktitle={2016 8th International Workshop on Resilient Networks Design and Modeling (RNDM)}, 
title={Improving the fault tolerance of multi-robot networks through a combined control law strategy}, 
year={2016}, 
pages={209-215},  
doi={10.1109/RNDM.2016.7608289}, 
month={Sept},}

@ARTICLE{giulietti_2000, 
author={F. Giulietti and L. Pollini and M. Innocenti}, 
journal={IEEE Control Systems}, 
title={Autonomous formation flight}, 
year={2000}, 
volume={20}, 
number={6}, 
pages={34-44}, 
doi={10.1109/37.887447}, 
ISSN={1066-033X}, 
month={Dec},}

@inproceedings{borges_2016, 
author={Nicolas P. Borges and Cinara. G. Ghedini and Carlos H. C. Ribeiro}, 
booktitle={Simp{\'o}sio de Ci{\^e}ncia e Tecnologia do Instituto de Estudos Avan\c{c}ados}, 
title={Improving Mission Success Rate in Collaborative UAV Networks Based on a Stealth Approach}, 
year={2016}, 
volume={1}, 
pages={190-195}, 
ISSN={2238-5851}, 
month={November},}

@article{sabattini_2013,
  title={Decentralized connectivity maintenance for cooperative control of mobile robotic systems},
  author={Sabattini, Lorenzo and Chopra, Nikhil and Secchi, Cristian},
  journal={The International Journal of Robotics Research},
  volume={32},
  number={12},
  pages={1411--1423},
  year={2013},
  publisher={SAGE Publications}
}

@article{robuffogiordano2013,
  title={A passivity-based decentralized strategy for generalized connectivity maintenance},
  author={Robuffo Giordano, P. and Franchi, A. and Secchi, C. and B{\"u}lthoff, H. H.},
  journal={The International Journal of Robotics Research},
  volume={32},
  number={3},
  pages={299-323},
  year={2013},
  publisher={SAGE Publications}
}

@inproceedings{breitenmoser2010,
  title={Voronoi coverage of non-convex environments with a group of networked robots},
  author={Breitenmoser, Andreas and Schwager, Mac and Metzger, Jean-Claude and Siegwart, Roland and Rus, Daniela},
  booktitle={Robotics and Automation (ICRA), 2010 IEEE International Conference on},
  pages={4982--4989},
  year={2010},
  organization={IEEE}
}

@inproceedings{qu_2005,
  title={Flight path planning of UAV based on heuristically search and genetic algorithms},
  author={Qu, Yao-hong and Pan, Quan and Yan, Jian-guo},
  booktitle={31st Annual Conference of IEEE Industrial Electronics Society, 2005. IECON 2005.},
  pages={5--pp},
  year={2005},
  organization={IEEE}
}

@article{glasius_1995,
  title={Neural network dynamics for path planning and obstacle avoidance},
  author={Glasius, Roy and Komoda, Andrzej and Gielen, Stan CAM},
  journal={Neural Networks},
  volume={8},
  number={1},
  pages={125--133},
  year={1995},
  publisher={Elsevier}
}

@INPROCEEDINGS{drake_2005,
author={S. Drake and K. Brown and J. Fazackerley and A. Finn},
booktitle={2005 International Conference on Intelligent Sensors, Sensor Networks and Information Processing},
title={Autonomous Control of Multiple UAVs for the Passive Location of Radars},
year={2005},
pages={403-409},
keywords={Australia;Context;Control systems;Passive radar;Payloads;Radar detection;Sensor systems;Surveillance;Trajectory;Unmanned aerial vehicles},
doi={10.1109/ISSNIP.2005.1595613},
month={Dec},}

@book{exercito_2009,
  title={Emprego da Guerra Eletr{\^o}nica},
  author={{MINIST{\'E}RIO DA DEFESA}},
  volume={1},
  year={2009},
  publisher={Estado-Maior do Ex{\'e}rcito}
}

@book{aeronautica_2012,
  title={Doutrina B{\'a}sica da For\c{c}a A{\'e}rea Brasileira. DCA 1-1},
  author={{MINIST{\'E}RIO DA DEFESA}},
  volume={1},
  year={2012},
  publisher={Estado-Maior da Aeron{\'a}utica}
}

@article{warfare_2007,
  title={Electronic Warfare. Joint Publication 3-13.1},
  author={{UNITED STATES ARMY}},
  journal={US Army},
  volume={129},
  year={2007}
}

@article{venancio_2007,
  title={VANT em Miss{\~o}es de Guerra Eletr{\^o}nica},
  author={Ven{\^a}ncio, A.G and Feldens, J.F},
  year={2007},
  journal={IX Simp{\'o}sio de  Eletr{\^o}nica:}
}

@INPROCEEDINGS{farlik_2016,
author={J. Farlik and M. Kratky and J. Casar and V. Stary},
booktitle={2016 17th International Conference on Mechatronics - Mechatronika (ME)},
title={Radar cross section and detection of small unmanned aerial vehicles},
year={2016},
pages={1-7},
month={Dec},
}

@INPROCEEDINGS{tsai_2016,
author={C. C. Tsai and C. T. Chiang and W. J. Liao},
booktitle={2016 IEEE International Workshop on Electromagnetics: Applications and Student Innovation Competition (iWEM)},
title={Radar cross section measurement of unmanned aerial vehicles},
year={2016},
pages={1-3},
doi={10.1109/iWEM.2016.7504915},
month={May},}

@book{knott_2012,
  title={Radar cross section measurements},
  author={Knott, Eugene F},
  year={2012},
  publisher={Springer Science \& Business Media}
}

@INPROCEEDINGS{gee_2012,
author={W. A. Gee},
booktitle={2012 IEEE Radar Conference},
title={Radar warning receiver (RWR) time-coincident pulse data extraction and processing},
year={2012},
pages={0752-0757},
doi={10.1109/RADAR.2012.6212238},
ISSN={1097-5659},
month={May},}

@techreport{eiter_1994,
  title={Computing discrete Fr{\'e}chet distance},
  author={Eiter, Thomas and Mannila, Heikki},
  year={1994},
  institution={Citeseer}
}

@inproceedings{dubuisson_1994,
  title={A modified Hausdorff distance for object matching},
  author={Dubuisson, M-P and Jain, Anil K},
  booktitle={Pattern Recognition, 1994. Vol. 1-Conference A: Computer Vision \& Image Processing., Proceedings of the 12th IAPR International Conference on},
  volume={1},
  pages={566--568},
  year={1994},
  organization={IEEE}
}

@Inproceedings{ghedini_2016_dars,
	author = {C. Ghedini and C. H. C. Ribeiro and L. Sabattini},
	title  ={A Decentralized Control Strategy for Resilient Connectivity Maintenance in Multi-Robot Systems Subject to Failures},
	year = {2016},
	month={nov.},
	volume={},
	number={},
	pages={},
	doi={},
	ISSN={},
	booktitle = {Proceedings of the International Symposium on Distributed Autonomous Robotic Systems (DARS)},
	address = {London, UK}
}

@Article{do2008,
	author = {K. D. Do},
	title = {Formation Tracking Control of Unicycle{--}Type Mobile Robots With Limited Sensing Ranges},
	year  ={2008},
	volume ={16},
	issue={3},
	pages={527-538 },
	journal = {IEEE Transactions on Control Systems Technology}
}

@article{tarjan_1972,
  title={Depth-first search and linear graph algorithms},
  author={Tarjan, Robert},
  journal={SIAM journal on computing},
  volume={1},
  number={2},
  pages={146--160},
  year={1972},
  publisher={SIAM}
}

@article{azami_2012,
  title={An improved signal segmentation using moving average and Savitzky-Golay filter},
  author={Azami, Hamed and Mohammadi, Karim and Bozorgtabar, Behzad},
  year={2012},
  publisher={Scientific Research Publishing}
}

@Article{sahingoz_2014,
  Title                    = {Networking Models in Flying Ad-Hoc Networks (FANETs): Concepts and Challenges},
  Author                   = {Sahingoz, Ozgur Koray},
  Journal                  = {Journal of Intelligent {\&} Robotic Systems},
  Year                     = {2014},
  Number                   = {1},
  Pages                    = {513--527},
  Volume                   = {74},
  Doi                      = {10.1007/s10846-013-9959-7},
  ISSN                     = {1573-0409},
  Url                      = {http://dx.doi.org/10.1007/s10846-013-9959-7}
}


@book{tzu_2012,
  title={The art of war},
  author={Tzu, Sun},
  year={2012},
  publisher={e-artnow}
}

@book{bellamy_2015,
  title={The Evolution of Modern Land Warfare: Theory and Practice},
  author={Bellamy, Christopher},
  volume={3},
  year={2015},
  publisher={Routledge}
}


@article{bekmezci_2013,
  title={Flying ad-hoc networks (FANETs): A survey},
  author={Bekmezci, Ilker and Sahingoz, Ozgur Koray and Temel, {\c{S}}amil},
  journal={Ad Hoc Networks},
  volume={11},
  number={3},
  pages={1254--1270},
  year={2013},
  publisher={Elsevier}
}

@article{zikidis_2014,
  title={Low Observable Principles, Stealth Aircraft and Anti-Stealth Technologies},
  author={Zikidis, Konstantinos and Skondras, Alexios and Tokas, Charisios},
  journal={Journal of Computations \& Modelling},
  volume={4},
  number={1},
  pages={129--165},
  year={2014}
}

@article{haffa_2002,
  title={Analogues of stealth},
  author={{HAFFA JUNIOR}, Robert P and {PATTON JUNIOR}, James H},
  journal={Analyisis Center Papers},
  volume={1},
  number={1},
  pages={},
  year={2002},
  publisher={Northrop Grumman}
}


@techreport{fisk_2015,
  title={Integrating Stealth},
  author={Fisk, Todd and Oltman, Reiss and Thompson, Fleming and Ward, Andrew and Kunz, Carter and Scott, Rebecca and Laxton, Bret and Bornhorst, Heinrich},
  year={2015},
  institution={19 OSS Intelligence Weapons and Tactics Little Rock AFB United States}
}

@article{gross_2007,
  title={Comparison of detectability of radar compression waveforms in classic passive receivers},
  author={Gross, Frank B and Connor, Jeffrey},
  journal={IEEE Transactions on Aerospace and Electronic Systems},
  volume={43},
  number={2},
  year={2007},
  publisher={IEEE}
}

@book{adamy2004,
  title={EW 102: a second course in electronic warfare},
  author={Adamy, David},
  year={2004},
  publisher={Artech House}
}

@inproceedings{skolnik_1999,
  title={Improvements for air-surveillance radar},
  author={Skolnik, Merrill},
  booktitle={Radar Conference, 1999. The Record of the 1999 IEEE},
  pages={18--21},
  year={1999},
  organization={IEEE}
}

@book{foust_2012,
  title={The Strategic Context of Lethal Drones: A Framework for Discussion},
  author={Foust, Joshua and Boyle, Ashley S},
  year={2012},
  publisher={American Security Project}
}

@misc{corcoran_2005,
  title={Automatic formation flight control system (AFFCS)—a system for automatic formation flight control of vehicles not limited to aircraft, helicopters, or space platforms},
  author={{CORCORAN III}, James John},
  year={2005},
  month=aug # "~9",
  publisher={Google Patents},
  note={US Patent 6,926,233}
}

@article{gu_2011,
  title={Formation flight control},
  author={Gu, Yu and Campa, Giampiero and Innocenti, Mario},
  journal={International Journal of Aerospace Engineering},
  volume={2011},
  year={2011},
  publisher={Hindawi Publishing Corporation}
}

@techreport{berglund_2001,
  title={Mission planning technology},
  author={Berglund, Erik},
  year={2001},
  institution={Defense Technical Information Center Compilation Part Notice ADPO10951}
}

@book{staff_2001,
  title={JOINT PUB 1-02 2001 (OBSOLETE): Department of Defense Dictionary of Military and Associated Terms},
  author={{DEPARTMENT OF DEFENSE}},
  year={2001},
  publisher={Washington, DC: Joint Staff}
}

@book{friedman_2010,
  title={Unmanned combat air systems: a new kind of carrier aviation},
  author={Friedman, Norman},
  year={2013},
  publisher={Naval Institute Press.}
}

@article{wang_2012,
  title={A bat algorithm with mutation for UCAV path planning},
  author={Wang, Gaige and Guo, Lihong and Duan, Hong and Liu, Luo and Wang, Heqi},
  journal={The Scientific World Journal},
  volume={2012},
  year={2012},
  publisher={Hindawi Publishing Corporation}
}

@inproceedings{mouloua_2001,
  title={Workload, situation awareness, and teaming issues for UAV/UCAV operations},
  author={Mouloua, Mustapha and Gilson, Richard and Kring, Jason and Hancock, Peter},
  booktitle={Proceedings of the human factors and ergonomics society annual meeting},
  volume={45},
  number={2},
  pages={162--165},
  year={2001},
  organization={SAGE Publications Sage CA: Los Angeles, CA}
}

@book{fahlstrom_2012,
  title={Introduction to UAV systems},
  author={Fahlstrom, Paul and Gleason, Thomas},
  year={2012},
  publisher={John Wiley \& Sons}
}

@article{dempsey_2010,
  title={Eyes of the army--US Army roadmap for unmanned aircraft systems 2010--2035},
  author={Dempsey, Martin E and Rasmussen, S},
  journal={US Army UAS Center of Excellence, Ft. Rucker},
  pages={1--140},
  year={2010}
}

@ARTICLE{skolnik_2001, 
author={M. Skolnik and G. Linde and K. Meads}, 
journal={IEEE Transactions on Aerospace and Electronic Systems}, 
title={Senrad: an advanced wideband air-surveillance radar}, 
year={2001}, 
volume={37}, 
number={4}, 
pages={1163-1175}, 
keywords={antenna radiation patterns;echo;military radar;radar antennas;radar target recognition;surveillance;850 to 1400 MHz;Naval Research Laboratory;detection performance;electronic countermeasures;experimental radar;fan-beam radar;generic characteristics;height finding;high range-resolution;long-range air-survefflance radar;moving target indication;multipath time difference;perforinance;radiation-pattern;target recognition;tracking performance;Bandwidth;Laboratories;Performance loss;Radar antennas;Radar countermeasures;Radar detection;Radar equipment;Radar tracking;Radiation detectors;Target tracking}, 
doi={10.1109/7.976957}, 
ISSN={0018-9251}, 
month={Oct},}

@article{ehrman_2003,
author = {M. Ehrman, Lisa and D. Lanterman, Aaron},
year = {2003},
month = {05},
pages = {},
title = {Automated Target Recognition Using Passive Radar and Coordinated Flight Models},
volume = {5094},
booktitle = {Proceedings of SPIE - The International Society for Optical Engineering}
}

@techreport{westra_2009,
  title={Radar versus stealth: Passive radar and the future of US military power},
  author={Westra, Arenda G},
  year={2009},
  institution={NATIONAL DEFENSE UNIV WASHINGTON DC INST FOR NATIONAL STRATEGIC STUDIES}
}

@book{lynch_2004,
  title={Introduction to RF stealth},
  author={{LYNCH JUNIOR}, David},
  year={2004},
  publisher={Scitech}
}

@article{quazi_1981,
  title={An overview on the time delay estimate in active and passive systems for target localization},
  author={Quazi, A},
  journal={IEEE Transactions on Acoustics, Speech, and Signal Processing},
  volume={29},
  number={3},
  pages={527--533},
  year={1981},
  publisher={IEEE}
}

@ARTICLE{spezio_2002, 
author={A. E. Spezio}, 
journal={IEEE Transactions on Microwave Theory and Techniques}, 
title={Electronic warfare systems}, 
year={2002}, 
volume={50}, 
number={3}, 
pages={633-644}, 
keywords={electronic warfare;frequency division multiplexing;military systems;reliability;time division multiplexing;battle phases;countermeasures;electromagnetic spectrum;electronic warfare systems;enemy forces;frequency-multiplexed basis;hostile actions;noncooperative forces;radio frequency-controlled weapons;survivability;tactical intelligence;time-multiplexed basis;Collision mitigation;Counting circuits;Electromagnetic forces;Electronic warfare;Environmental economics;Force control;Impedance;Infrared sensors;Intelligent sensors;Radio communication countermeasures}, 
doi={10.1109/22.989948}, 
ISSN={0018-9480}, 
month={Mar},}

@inproceedings{brownlow_2008,
  title={F-16 ALR-69A testing at the Benefield Anechoic Facility using design of experiments},
  author={Brownlow, James D and Kitto, William and Dorado, Mario and Kladitis, Paul E},
  booktitle={US Air Force T\&E Days},
  pages={5--7},
  year={2008}
}



@misc{osborn_2017,
  author = {Kris Osborn},
  title = {Defense Systems},
  year = {2017},
  howpublished = {Avaiable in: <\url{https://defensesystems.com/articles/2017/04/10/predator.aspx}>},
  note = {Accessed in: 2017-09-19}
}


@inproceedings{bellingham_2002,
  title={Cooperative path planning for multiple UAVs in dynamic and uncertain environments},
  author={Bellingham, John S and Tillerson, Michael and Alighanbari, Mehdi and How, Jonathan P},
  booktitle={Decision and Control, 2002, Proceedings of the 41st IEEE Conference on},
  volume={3},
  pages={2816--2822},
  year={2002},
  organization={IEEE}
}

@article{borges_2017,
  title={A local communication model for improving stealth in collaborative UAV networks.},
  author={Borges, N{\'i}colas Pereira and Ghedini, Cinara Guellner and Ribeiro, Carlos Henrique Costa},
  journal={Anais do Computer on the Beach},
  pages={249--258},
  year={2017}
}

@techreport{ghedini_2017,
     title = {Adaptive mechanisms for fault tolerance management in complex
network topologies. Final technical report FAPESP proc. no. 2012/25058-9. Aeronautics Institute of Technology},
     author = {Ghedini, Cinara Guellner},
     year = {2017},
     month = {02},
}

@book{jentsch_2016,
  title={Human-robot interactions in future military operations},
  author={Jentsch, Florian},
  year={2016},
  publisher={CRC Press}
}

@book{gordon_2014,
  title={Electronic Warfare: Element of Strategy and Multiplier of Combat Power},
  author={Gordon, Don E},
  year={2014},
  publisher={Elsevier}
}

@book{singh_2015,
  title={Active Radar Cross Section Reduction},
  author={Singh, Hema and Jha, Rakesh Mohan},
  year={2015},
  publisher={Cambridge University Press}
}

@inproceedings{griffiths_2005,
  title={Measurement and analysis of ambiguity functions of passive radar transmissions},
  author={Griffiths, Hugh D and Baker, Chris J},
  booktitle={Radar Conference, 2005 IEEE International},
  pages={321--325},
  year={2005},
  organization={IEEE}
}


@inproceedings{kubica_2006,
  title={Optimum target detection using illuminators of opportunity},
  author={Kubica, Mireille and Kubica, Virginie and Neyt, Xavier and Raout, Jacques and Roques, Serge and Acheroy, Marc},
  booktitle={Radar, 2006 IEEE Conference on},
  pages={8--pp},
  year={2006},
  organization={IEEE}
}

@inproceedings{sullivan_2005,
  title={Revolution or evolution? The rise of the UAVs},
  author={Sullivan, Jeffrey M},
  booktitle={Technology and Society, 2005. Weapons and Wires: Prevention and Safety in a Time of Fear. ISTAS 2005. Proceedings. 2005 International Symposium on},
  pages={94--101},
  year={2005},
  organization={IEEE}
}

@inproceedings{chao_2007,
  title={Autopilots for small fixed-wing unmanned air vehicles: A survey},
  author={Chao, Haiyang and Cao, Yongcan and Chen, YangQuan},
  booktitle={Mechatronics and Automation, 2007. ICMA 2007. International Conference on},
  pages={3144--3149},
  year={2007},
  organization={IEEE}
}

@article{mayer_2015,
  title={The new killer drones: understanding the strategic implications of next-generation unmanned combat aerial vehicles},
  author={Mayer, Michael},
  journal={International Affairs},
  volume={91},
  number={4},
  pages={765--780},
  year={2015},
  publisher={Wiley Online Library}
}

@inproceedings{mendonca_2015,
author = {Mendonca, Matheus and Bernardino, Heder and Fonseca Neto, Raul},
year = {2015},
month = {11},
pages = {},
title = {Stealthy Path Planning Using Navigation Meshes}
}

@article{zhou_1999,
  title={Genetic algorithms: theory and applications},
  author={Zhou, Ming and Sun, Shu-Dong},
  journal={National Defense Industry Press, Beijing},
  volume={6},
  year={1999}
}

@Article{wen_2017,
author="Wen, Naifeng
and Su, Xiaohong
and Ma, Peijun
and Zhao, Lingling
and Zhang, Yanhang",
title="Online UAV path planning in uncertain and hostile environments",
journal="International Journal of Machine Learning and Cybernetics",
year="2017",
month="Apr",
day="01",
volume="8",
number="2",
pages="469--487",
issn="1868-808X",
doi="10.1007/s13042-015-0339-4",
url="https://doi.org/10.1007/s13042-015-0339-4"
}


@Inbook{lu_2017,
author="Lu, Liang
and Zong, Chengxing
and Lei, Xinyu
and Chen, Bozhi
and Zhao, Ping",
editor="Zhang, Xianmin
and Wang, Nianfeng
and Huang, Yanjiang",
title="Fixed-Wing UAV Path Planning in a Dynamic Environment via Dynamic RRT Algorithm",
bookTitle="Mechanism and Machine Science : Proceedings of ASIAN MMS 2016 {\&} CCMMS 2016",
year="2017",
publisher="Springer Singapore",
address="Singapore",
pages="271--282",
isbn="978-981-10-2875-5",
doi="10.1007/978-981-10-2875-5_23",
url="https://doi.org/10.1007/978-981-10-2875-5_23"
}


@article{chen_2016,
title = "Modified central force optimization (MCFO) algorithm for 3D UAV path planning",
journal = "Neurocomputing",
volume = "171",
number = "Supplement C",
pages = "878 - 888",
year = "2016",
issn = "0925-2312",
doi = "https://doi.org/10.1016/j.neucom.2015.07.044",
url = "http://www.sciencedirect.com/science/article/pii/S0925231215010267",
author = "Yongbo Chen and Jianqiao Yu and Yuesong Mei and Yafei Wang and Xiaolong Su",
keywords = "Unmanned aerial vehicle (UAV) path planning",
keywords = "Modified central force optimization (MCFO) method",
keywords = "Convergence analysis",
keywords = "Linear difference equation method"
}

@article{silva_2017,
  title={Heuristic and genetic algorithm approaches for UAV path planning under critical situation},
  author={Silva Arantes, Jesimar da and Silva Arantes, M{\'a}rcio da and Motta Toledo, Claudio Fabiano and J{\'u}nior, Onofre Trindade and Williams, Brian Charles},
  journal={International Journal on Artificial Intelligence Tools},
  volume={26},
  number={01},
  pages={1760008},
  year={2017},
  publisher={World Scientific}
}

@inproceedings{radmanesh_2016,
  title={Grey wolf optimization based sense and avoid algorithm for UAV path planning in uncertain environment using a Bayesian framework},
  author={Radmanesh, Mohammadreza and Kumar, Manish},
  booktitle={Unmanned Aircraft Systems (ICUAS), 2016 International Conference on},
  pages={68--76},
  year={2016},
  organization={IEEE}
}


@ARTICLE{ji_2007, 
author={M. Ji and M. Egerstedt}, 
journal={IEEE Transactions on Robotics}, 
title={Distributed Coordination Control of Multiagent Systems While Preserving Connectedness}, 
year={2007}, 
volume={23}, 
number={4}, 
pages={693-703}, 
keywords={distributed control;graph theory;mobile robots;multi-robot systems;connected graphs;distributed coordination control;dynamic interaction graphs;formation control problems;mobile agents;multiagent coordination;multiagent systems;Autonomous agents;Control systems;Convergence;Distributed control;Helium;History;Laplace equations;Mobile agents;Multiagent systems;Protocols;Connected graphs;formation control;graph Laplacian;multiagent coordination}, 
doi={10.1109/TRO.2007.900638}, 
ISSN={1552-3098}, 
month={Aug},}

@article{hart_1968,
  title={A formal basis for the heuristic determination of minimum cost paths},
  author={Hart, Peter E and Nilsson, Nils J and Raphael, Bertram},
  journal={IEEE transactions on Systems Science and Cybernetics},
  volume={4},
  number={2},
  pages={100--107},
  year={1968},
  publisher={IEEE}
}

@article{dimarogonas_2010,
  title={Bounded control of network connectivity in multi-agent systems},
  author={Dimarogonas, Dimos V and Johansson, Karl H},
  journal={IET control theory \& applications},
  volume={4},
  number={8},
  pages={1330--1338},
  year={2010},
  publisher={IET}
}

@INPROCEEDINGS{morbidi_2010, 
author={F. Morbidi and A. Giannitrapani and D. Prattichizzo}, 
booktitle={49th IEEE Conference on Decision and Control (CDC)}, 
title={Maintaining connectivity among multiple agents in cyclic pursuit: A geometric approach}, 
year={2010}, 
volume={}, 
number={}, 
pages={7461-7466}, 
keywords={decentralised control;distributed control;interconnected systems;multi-agent systems;multi-robot systems;networked control systems;connectivity maintenance;control gains;cyclic pursuit;geometric approach;multiple agents;robotic network connectivity;Equations;History;Maintenance engineering;Multiagent systems;Robots;Trajectory}, 
doi={10.1109/CDC.2010.5717945}, 
ISSN={0191-2216}, 
month={Dec},}

@article{sangwan_2015,
  title={Survey on coverage problems in wireless sensor networks},
  author={Sangwan, Anju and Singh, Rishi Pal},
  journal={Wireless Personal Communications},
  volume={80},
  number={4},
  pages={1475--1500},
  year={2015},
  publisher={Springer}
}

@article{mount_2002,
  title={CMSC 754 Computational geometry},
  author={Mount, David M},
  journal={Lecture Notes, University of Maryland},
  year={2002}
}

@inproceedings{schwager_2007,
  title={Decentralized, adaptive control for coverage with networked robots},
  author={Schwager, Mac and Slotine, Jean-Jacques and Rus, Daniela},
  booktitle={Robotics and Automation, 2007 IEEE International Conference on},
  pages={3289--3294},
  year={2007},
  organization={IEEE}
}

@article{du_2006,
  title={Convergence of the Lloyd algorithm for computing centroidal Voronoi tessellations},
  author={Du, Qiang and Emelianenko, Maria and Ju, Lili},
  journal={SIAM journal on numerical analysis},
  volume={44},
  number={1},
  pages={102--119},
  year={2006},
  publisher={SIAM}
}

article{argany_2011,
  title={A GIS based wireless sensor network coverage estimation and optimization: A Voronoi approach},
  author={Argany, Meysam and Mostafavi, Mir and Karimipour, Farid and Gagn{\'e}, Christian},
  journal={Transactions on Computational Science XIV},
  pages={151--172},
  year={2011},
  publisher={Springer}
}

@article{sang_2015,
  title={Voronoi Diagrams Without Bounding Boxes},
  author={Sang, Erik Tjong Kim},
  journal={ISPRS Annals of the Photogrammetry, Remote Sensing and Spatial Information Sciences},
  volume={2},
  number={2},
  pages={235},
  year={2015},
  publisher={Copernicus GmbH}
}

@book{wasserman_1994,
  title={Social network analysis: Methods and applications},
  author={Wasserman, Stanley and Faust, Katherine},
  volume={8},
  year={1994},
  publisher={Cambridge university press}
}

@book{davis_1975,
  title={Interpolation and approximation},
  author={Davis, Philip J},
  year={1975},
  publisher={Courier Corporation}
}

@article{kashi_2012,
  title={Coverage rate calculation in wireless sensor networks},
  author={Kashi, Saeed Sedighian and Sharifi, Mohsen},
  journal={Computing},
  volume={94},
  number={11},
  pages={833--856},
  year={2012},
  publisher={Springer}
}


@misc{Rub1,
author = {MultiMedia LLC},
title = {Archivo Situacionista Hispano},
year = {1999},
howpublished = {Disponivel em: <\url{http://sindominio.net/ash}>. Acessado em 01-10-2013},
}